@article{sample1970,
  author = {Author},
  title = {Sample article},
  journal = {Journal},
  year = {1970},
  volume = {1},
  pages = {1-2},
}
